%%% Início das referências de exemplo
@misc{spinello2024,
  title={Orientação de TCC},
  author={Suellen Sotille Spinello},
  year={2024},
  howpublished={Disponível em: \url{...}},
  note={Acesso em: 01 jan. 2024}
}

@misc{istqb2023,
  title={Foundation Level Syllabus},
  author={International Software Testing Qualifications Board - ISTQB},
  year={2023},
  howpublished={Disponível em: \url{https://istqb-main-web-prod.s3.amazonaws.com/media/documents/ISTQB_CTFL_Syllabus-v4.0.pdf}},
  note={Acesso em: 20 abr. 2024}
}

@article{pargaonkar2021,
title={Quality and Metrics in Software Quality Engineering}, 
volume={2}, 
number={1}, 
journal={Journal of Science \& Technology}, 
author={Shravan Pargaonkar}, 
year={2021}, 
month={3}, 
pages={62–69} 
}

@article{badgujar2024,
title = {Agricultural object detection with You Only Look Once (YOLO) Algorithm: A bibliometric and systematic literature review},
journal = {Computers and Electronics in Agriculture},
volume = {223},
pages = {109090},
year = {2024}, 
doi = {10.1016/j.compag.2024.109090},
url = {https://www.sciencedirect.com/science/article/pii/S0168169924004812},
author = {Chetan M Badgujar and Alwin Poulose and Hao Gan},
urldate = {2024-08-01},
}

@inproceedings{estevao2023,
  title = {Inteligência Artificial na avaliação tradicional},
  subtitle = {aquisição de conhecimento vs Prompt Engineering}, 
  author = {João M. C. Estêvão and M. Dulce Estêvão},
  eventtitle = {Congresso Nacional de Práticas Pedagógicas no Ensino Superior}, 
  number = {9},
  venue = {Faro},  
  eventyear = {2023},
  booktitle = {Livro de Atas},
  publisher = {Universidade do Algarve},
  location = {Faro},
  year = {2023},
}

@book{vanrossum1995,
  title={Python reference manual},
  author={Van Rossum, Guido and Drake Jr, Fred L},
  year={1995},
  publisher={Centrum voor Wiskunde en Informatica Amsterdam}
}

@book{ogliari2019,
  title={Internet das Coisas para Desenvolvedores},
  author={Ogliari, Ricardo da Silva},
  location={São Paulo},
  publisher={Novatec Editora},
  year={2019},
  pagetotal={264}
}

@book{rabello2010,
  title = {Promoção da saúde: a construção social de um conceito em perspectiva comparada},  
  url = {http://dx.doi.org/10.7476/9788575413524},
  doi = {10.7476/9788575413524},
  location={Rio de Janeiro},
  publisher = {Editora FIOCRUZ},
  author = {Rabello, Lucíola Santos},
  year = {2010},
  pagetotal={228}
}
%%% Fim das referências de exemplo


